@article{sun2011,
  author = "Jian Sun",
  title = "Impedance-based stability criterion for grid-connected inverters",
  journal = "IEEE Transactions on Power Electronics",
  volume = "26",
  number = "11",
  year = "2011",
  pages = "3075--3078",
}

@article{xin2017,
  author = "辛焕海 and 李子恒 and 董炜 and 等人",
  title = "三相变流器并网系统的广义阻抗及稳定判据",
  journal = "中国电机工程学报",
  volume = "37",
  number = "5",
  year = "2017",
  pages = "1277--1292",
  lang = "zh",
}

@article{rygg2016,
  author = "Atle Rygg and Marta Molinas and Chen Zhang and Xu Cai",
  title = "A modified sequence-domain impedance definition and its equivalence to the dq-domain impedance definition for the stability analysis of ac power electronic systems",
  journal = "IEEE Jouranl of Emerging and Selected Topics in Power Electronics",
  volume = "4",
  number = "4",
  year = "2016",
  pages = "1383--1396",
}

@article{wang2017,
  author = "Xiongfei Wang and Lennart Harnefors and Frede Blaabjerg",
  title = "A unified impedance model of grid-connected voltage-source converters",
  journal = "IEEE Transactions on Power Electronics",
  volume = "PP",
  number = "99",
  year = "2017",
  pages = "1--1",
}